

@book{strang,
	Author = {G. Strang},
	Publisher = {Harcourth Brace Jovanovich},
	Title = {Linear Algebra and its Applications},
	Year = {1988}
	}




@book{luenberger,
	Author = {D. G. Leunberger},
	Publisher = {Wiley},
	Title = {Introduction to Dynamic Systems},
	Year = {1979}
	}





